@article{cao1990simultaneous,
  title={A simultaneous inversion for background velocity and impedance maps},
  author={Cao, D. and Beydoun, W. B. and Singh, S. C. and Tarantola, A.},
  journal={Geophysics},
  volume={55},
  number={4},
  pages={458--469},
  year={1990},
  doi={10.1190/1.1442855}
}

@article{crase1992nonlinear,
  title={Nonlinear elastic waveform inversion of land seismic reflection data},
  author={Crase, E. and Wideman, C. and Noble, M. and Tarantola, A.},
  journal={Journal of Geophysical Research},
  volume={97},
  number={B4},
  pages={4685--4703},
  year={1992},
  doi={10.1029/90JB00832},
  publisher={American geophysical union}
}

@article{mosegaardsoumis,
  title={Monte Carlo analysis of inverse problems},
  author={K. Mosegaard and A. Tarantola}, 
   year={soumis},
  journal={Journal of Geophysical Research}
}

@article{fournier2010introduction,
   author = {Fournier, Alexandre and Hulot, Gauthier and Jault, Dominique and Kuang, Weijia and Tangborn, Andrew and Gillet, Nicolas and Canet, Elisabeth and Aubert, Julien and Lhuillier, Florian},
   affiliation = {Géomagnétisme, Institut de Physique du Globe de Paris, Université Paris Diderot, CNRS, 4 place Jussieu, 75252 Paris cedex 5, France},
   title = {An Introduction to Data Assimilation and Predictability in Geomagnetism},
   journal = {Space Science Reviews},
   publisher = {Springer Netherlands},
   issn = {0038-6308},
   keyword = {Physics and Astronomy},
   pages = {247--291},
   volume = {155},
   issue = {1},
   doi = {10.1007/s11214-010-9669-4},
   year = {2010}
}

@techreport{moguilny2021introduction,
  author={Genevi\`eve Moguilny},
   title={Introduction \`a {\LaTeX}},
  year={2021}, 
  institution={IPGP},
  url={http://www.ipgp.fr/~moguilny/LaTeX/ltxdoc.pdf}
}

@misc{jagger1968sympathy,
  author={Mick Jagger and Keith Richards},
  title={Sympathy for the devil},
  year={{1968a}},
  institution={{The Rolling Stones}}
}
@misc{jagger1968street,
  author={Mick Jagger and Keith Richards},
  title={Street fighting man},
  year={{1968b}},
  institution={{The Rolling Stones}}
}
   
